%YAML 1.1
%TAG !u! tag:unity3d.com,2011:
--- !u!1 &1188649824890256
GameObject:
  m_ObjectHideFlags: 0
  m_CorrespondingSourceObject: {fileID: 0}
  m_PrefabInstance: {fileID: 0}
  m_PrefabAsset: {fileID: 0}
  serializedVersion: 6
  m_Component:
  - component: {fileID: 4688858844305056}
  - component: {fileID: 114770696864882394}
  - component: {fileID: 114771025427172216}
  m_Layer: 0
  m_Name: QRCodeEncoder
  m_TagString: Untagged
  m_Icon: {fileID: 0}
  m_NavMeshLayer: 0
  m_StaticEditorFlags: 0
  m_IsActive: 1
--- !u!4 &4688858844305056
Transform:
  m_ObjectHideFlags: 0
  m_CorrespondingSourceObject: {fileID: 0}
  m_PrefabInstance: {fileID: 0}
  m_PrefabAsset: {fileID: 0}
  m_GameObject: {fileID: 1188649824890256}
  m_LocalRotation: {x: 0, y: 0, z: 0, w: 1}
  m_LocalPosition: {x: 0, y: 0, z: 0}
  m_LocalScale: {x: 1, y: 1, z: 1}
  m_Children: []
  m_Father: {fileID: 4592148363933390}
  m_RootOrder: 0
  m_LocalEulerAnglesHint: {x: 0, y: 0, z: 0}
--- !u!114 &114770696864882394
MonoBehaviour:
  m_ObjectHideFlags: 0
  m_CorrespondingSourceObject: {fileID: 0}
  m_PrefabInstance: {fileID: 0}
  m_PrefabAsset: {fileID: 0}
  m_GameObject: {fileID: 1188649824890256}
  m_Enabled: 1
  m_EditorHideFlags: 0
  m_Script: {fileID: 11500000, guid: 1790ae409cc819048a43a428cc182322, type: 3}
  m_Name: 
  m_EditorClassIdentifier: 
  e_QRCodeWidth: 400
  e_QRCodeHeight: 400
  eCodeFormat: 0
  e_QRLogoTex: {fileID: 0}
  e_EmbedLogoRatio: 0.2
--- !u!114 &114771025427172216
MonoBehaviour:
  m_ObjectHideFlags: 0
  m_CorrespondingSourceObject: {fileID: 0}
  m_PrefabInstance: {fileID: 0}
  m_PrefabAsset: {fileID: 0}
  m_GameObject: {fileID: 1188649824890256}
  m_Enabled: 1
  m_EditorHideFlags: 0
  m_Script: {fileID: 11500000, guid: dc0cd8941b703a64597bf31bd9d14d75, type: 3}
  m_Name: 
  m_EditorClassIdentifier: 
  e_qrController: {fileID: 114770696864882394}
  qrCodeImage: {fileID: 0}
  m_inputfield: {fileID: 0}
  infoText: {fileID: 0}
  fileUploader: {fileID: 0}
--- !u!1 &1302173630261990
GameObject:
  m_ObjectHideFlags: 0
  m_CorrespondingSourceObject: {fileID: 0}
  m_PrefabInstance: {fileID: 0}
  m_PrefabAsset: {fileID: 0}
  serializedVersion: 6
  m_Component:
  - component: {fileID: 4592148363933390}
  - component: {fileID: 114417954589260320}
  - component: {fileID: 114060429840421218}
  - component: {fileID: 4849198474149841108}
  m_Layer: 0
  m_Name: CamRenderer
  m_TagString: Untagged
  m_Icon: {fileID: 0}
  m_NavMeshLayer: 0
  m_StaticEditorFlags: 0
  m_IsActive: 1
--- !u!4 &4592148363933390
Transform:
  m_ObjectHideFlags: 0
  m_CorrespondingSourceObject: {fileID: 0}
  m_PrefabInstance: {fileID: 0}
  m_PrefabAsset: {fileID: 0}
  m_GameObject: {fileID: 1302173630261990}
  m_LocalRotation: {x: 0, y: 0, z: 0, w: 1}
  m_LocalPosition: {x: 0, y: 0, z: 0}
  m_LocalScale: {x: 1, y: 1, z: 1}
  m_Children:
  - {fileID: 4688858844305056}
  m_Father: {fileID: 0}
  m_RootOrder: 0
  m_LocalEulerAnglesHint: {x: 0, y: 0, z: 0}
--- !u!114 &114417954589260320
MonoBehaviour:
  m_ObjectHideFlags: 0
  m_CorrespondingSourceObject: {fileID: 0}
  m_PrefabInstance: {fileID: 0}
  m_PrefabAsset: {fileID: 0}
  m_GameObject: {fileID: 1302173630261990}
  m_Enabled: 1
  m_EditorHideFlags: 0
  m_Script: {fileID: 11500000, guid: cb1b745328fee5e4ca29b6f60c3d8ae4, type: 3}
  m_Name: 
  m_EditorClassIdentifier: 
  fileUploader: {fileID: 114060429840421218}
  rng: {fileID: 0}
  specifiedString: 
  setWelcomePanel: {fileID: 0}
  originalPhotoPath: 
  outputPhotoPath: 
  ssProp:
    resWidth: 3840
    resHeight: 2160
    shouldRenderCameras:
    - {fileID: 0}
    currentTakeShotNum: 0
  isGIF: 0
  isPNG: 1
  saveFolderName: GameScreenShot
  playerPrefRoundName: GameRound
  useRandomName: 1
  currentRoundRandomName: 
  eachShotPreName: GameShot
  tempList: []
  savedNameList: []
--- !u!114 &114060429840421218
MonoBehaviour:
  m_ObjectHideFlags: 0
  m_CorrespondingSourceObject: {fileID: 0}
  m_PrefabInstance: {fileID: 0}
  m_PrefabAsset: {fileID: 0}
  m_GameObject: {fileID: 1302173630261990}
  m_Enabled: 1
  m_EditorHideFlags: 0
  m_Script: {fileID: 11500000, guid: 23a7d4228c2eb764f81828c9e373a9fe, type: 3}
  m_Name: 
  m_EditorClassIdentifier: 
  qrEncoder: {fileID: 114771025427172216}
  uploadBasedURL: https://future-action.com/FALab/InnisfreeActivities/?id=
  shouldUseQRCode: 0
  secondFile: {fileID: 0}
  nextStep:
    m_PersistentCalls:
      m_Calls: []
  isPNG: 1
--- !u!114 &4849198474149841108
MonoBehaviour:
  m_ObjectHideFlags: 0
  m_CorrespondingSourceObject: {fileID: 0}
  m_PrefabInstance: {fileID: 0}
  m_PrefabAsset: {fileID: 0}
  m_GameObject: {fileID: 1302173630261990}
  m_Enabled: 1
  m_EditorHideFlags: 0
  m_Script: {fileID: 11500000, guid: 0d984dc6a4590734bbaf5f6c09102f96, type: 3}
  m_Name: 
  m_EditorClassIdentifier: 
  randomName: 
